<?xml version="1.0" encoding="UTF-8"?>
<collection xmlns:xsi="http://www.w3.org/2001/XMLSchema-instance" xsi:schemaLocation="http://www.loc.gov/MARC21/slim http://www.loc.gov/standards/marcxml/schema/MARC21slim.xsd" xmlns="http://www.loc.gov/MARC21/slim">
<record>
  <leader>00788cam a2200217 u 4500</leader>
  <controlfield tag="001">646170</controlfield>
  <controlfield tag="003">NNC</controlfield>
  <controlfield tag="005">20100307232604.0</controlfield>
  <controlfield tag="008">880503s1930    su |||||||||||||||||ara||</controlfield>
  <datafield tag="035" ind1=" " ind2=" ">
    <subfield code="a">(OCoLC)60601292</subfield>
  </datafield>
  <datafield tag="035" ind1=" " ind2=" ">
    <subfield code="a">(OCoLC)ocm60601292</subfield>
  </datafield>
  <datafield tag="035" ind1=" " ind2=" ">
    <subfield code="a">(CStRLIN)NYCG88-B31786</subfield>
  </datafield>
  <datafield tag="035" ind1=" " ind2=" ">
    <subfield code="9">ACV3165CU</subfield>
  </datafield>
  <datafield tag="035" ind1=" " ind2=" ">
    <subfield code="a">(NNC)646170</subfield>
  </datafield>
  <datafield tag="100" ind1="2" ind2="0">
    <subfield code="a">Ibn Abī al-ʻIzz, ʻAlī ibn ʻAlī,</subfield>
    <subfield code="d">1330 or 31-1389 or 90.</subfield>
  </datafield>
  <datafield tag="240" ind1="1" ind2="0">
    <subfield code="a">Sharḥ al-Ṭaḥawiyah fi al-ʻaqidah al-salafiyah</subfield>
  </datafield>
  <datafield tag="245" ind1="1" ind2="0">
    <subfield code="a">Kitab sharḥ al-Ṭaḥāwīyah fī al-ʻaqīdah al-salafīyah.</subfield>
  </datafield>
  <datafield tag="260" ind1="0" ind2=" ">
    <subfield code="a">Mecca :</subfield>
    <subfield code="b">al-Matbaʻah al-Salafiyah,</subfield>
    <subfield code="c">1349h [1930]</subfield>
  </datafield>
  <datafield tag="300" ind1=" " ind2=" ">
    <subfield code="a">464 p.</subfield>
  </datafield>
  <datafield tag="650" ind1=" " ind2="0">
    <subfield code="a">Islam</subfield>
    <subfield code="x">Doctrines</subfield>
    <subfield code="x">Early works to 1800.</subfield>
  </datafield>
  <datafield tag="600" ind1="1" ind2="0">
    <subfield code="a">Ṭaḥāwī, Aḥmad ibn Muḥammad,</subfield>
    <subfield code="d">852?-933.</subfield>
    <subfield code="t">ʻAqīdah al-Ṭaḥāwīyah.</subfield>
  </datafield>
  <datafield tag="955" ind1=" " ind2=" ">
    <subfield code="b">CU59575395</subfield>
    <subfield code="d">off,glx</subfield>
    <subfield code="e">ME06501</subfield>
  </datafield>
</record>
</collection>